@book{abelson-et-al:scheme,
  author = "Harold Abelson and Gerald~Jay Sussman and Julie Sussman",
  title = "Structure and Interpretation of Computer Programs",
  publisher = "MIT Press",
  address = "Cambridge, Massachusetts",
  year = "1985"
}

@inproceedings{bgf:Lixto,
  author = "Robert Baumgartner and Georg Gottlob and Sergio Flesca",
  title = "Visual Information Extraction with {Lixto}",
  booktitle = "Proceedings of the 27th International Conference on Very Large Databases",
  pages = "119--128",
  publisher = "Morgan Kaufmann",
  address = "Rome, Italy",
  month = "September",
  year = "2001"
}

@article{brachman-schmolze:kl-one,
  author = "Ronald~J. Brachman and James~G. Schmolze",
  title = "An overview of the {KL-ONE} knowledge representation system",
  journal = "Cognitive Science",
  volume = "9",
  number = "2",
  pages = "171--216",
  month = "April--June",
  year = "1985"
}

@article{gottlob:nonmon,
  author = "Georg Gottlob",
  title = "Complexity results for nonmonotonic logics",
  journal = "Journal of Logic and Computation",
  volume = "2",
  number = "3",
  pages = "397--425",
  month = "June",
  year = "1992"
}

@article{gls:hypertrees,
  author = "Georg Gottlob and Nicola Leone and Francesco Scarcello",
  title = "Hypertree Decompositions and Tractable Queries",
  journal = "Journal of Computer and System Sciences",
  volume = "64",
  number = "3",
  pages = "579--627",
  month = "May",
  year = "2002"
}

@article{levesque:functional-foundations,
  author = "Hector J. Levesque",
  title = "Foundations of a functional approach to knowledge representation",
  journal = "Artificial Intelligence",
  volume = "23",
  number = "2",
  pages = "155--212",
  month = "July",
  year = "1984"
}

@inproceedings{levesque:belief,
  author = "Hector J. Levesque",
  title = "A logic of implicit and explicit belief",
  booktitle = "Proceedings of the Fourth National Conference on Artificial Intelligence",
  publisher = "American Association for Artificial Intelligence",
  pages = "198--202",
  address = "Austin, Texas",
  month = "August",
  year = "1984"
}

@article{nebel:jair-2000,
  author = "Bernhard Nebel",
  title = "On the compilability and expressive power of propositional planning formalisms",
  journal = "Journal of Artificial Intelligence Research",
  volume = "12",
  pages = "271--315",
  year = "2000"
}


@book{Lam94,
  author = {Leslie Lamport},
  title = {{\LaTeX}: A Document Preparation System},
  publisher = {Addison-Wesley},
  address = {Reading, MA},
  edition = {2nd},
  year = {1994}
}

@article{WoJe95,
  title = {Intelligent Agents: Theory and Practice},
  author = {Wooldridge, Michael J. and Jennings, Nicholas R.},
  journal = {The Knowledge Engineering Review},
  volume = {10},
  number = {2},
  pages = {115--152},
  year = {1995}
}

@article{GrKr96,
  title = {Collaborative Plans for Complex Group Action},
  author = {Grosz, Barbara J. and Kraus, Sarit},
  journal = {Artificial Intelligence},
  volume = {86},
  number = {2},
  pages = {269--357},
  year = {1996}
}

@Techreport{Har78,
  author =       "David Harel",
  year =         "1978",
  title =        "Logics of programs: axiomatics and descriptive power",
  institution =  "Massachusetts Institute of Technology",
  type =         "MIT Research Lab Technical Report",
  number =       "TR-200",
  address =      "Cambridge, MA",
  month =        "",
  note =         ""
}

@Phdthesis{Cla85,
  author =       "Kenneth L. Clarkson",
  year =         "1985",
  title =        "Algorithms for Closest-Point Problems (Computational Geometry)",
  school =       "Stanford University",
  address =      "Palo Alto, CA",
  note =         "UMI Order Number: AAT 8506171",
  type =         "",
  month =        ""
}

@misc{Oba08,
  author        = "Barack Obama",
  year          = "2008",
  title         = "A More Perfect Union",
  howpublished  = "Video",
  day           = "5",
  url           = "http://video.google.com/videoplay?docid=6528042696351994555",
  month         = mar,
  lastaccessed  = "March 21, 2008",
  note          =  ""
}

@misc{Sci09,
  author =       "Joseph Scientist",
  year =         "2009",
  title =        "The fountain of youth",
  note =         "Patent No. 12345, Filed July 1st., 2008, Issued Aug. 9th., 2009",
  url =          "",
  howpublished = "",
  month =        aug,
  lastaccessed = ""
}

@ArtifactDataset{AnMC13,
 author    =  {Sam Anzaroot and Andrew McCallum},
 title     =  {{UMass} Citation Field Extraction Dataset},
 year      = 2013,
 organization = {University of Massachusetts},
 url       =
    {http://www.iesl.cs.umass.edu/data/data-umasscitationfield},
 lastaccessed = {May 27, 2019}
}

@inproceedings{Hag1993,
title        = {Maintaining Discrete Probability Distributions Optimally},
author       = {Hagerup, Torben and Mehlhorn, Kurt and Munro, J. Ian},
booktitle    = {Proceedings of the 20th International Colloquium on Automata, Languages and Programming},
series       = {Lecture Notes in Computer Science},
volume       = {700},
pages        = {253--264},
year         = {1993},
publisher    = {Springer-Verlag},
address      = {Berlin}
}

@Book{Knu97,
  author =       "Donald E. Knuth",
  title =        "The Art of Computer Programming, Vol. 1: Fundamental Algorithms",
  publisher =    "Addison Wesley",
  year =         "1997",
  address =      "Reading, Massachusetts",
  edition =      "3rd",
  editor =       "",
  volume =       "",
  number =       "",
  series =       "",
  month =        "",
  note =         ""
}

@MASTERSTHESIS{Ani03,
author = {David A. Anisi},
title = {Optimal Motion Control of a Ground Vehicle},
school = {Royal Institute of Technology (KTH), Stockholm, Sweden},
intitution = {FOI-R-0961-SE, Swedish Defence Research Agency (FOI)},
year = {2003},
}



@inproceedings{stern2017efficientAndSafe,
  title={Efficient, Safe, and Probably Approximately Complete Learning of Action Models},
  author={Roni Stern and Brendan Juba},
booktitle={the International Joint Conference on Artificial Intelligence (IJCAI)},
 pages = {4405--4411},
  year={2017}
}


@inproceedings{vstolba2015madla,
  title={MADLA: planning with distributed and local search},
  author={{\v{S}}tolba, Michal and Komenda, Anton{\i}n},
  booktitle={Competition of Distributed and Multi-Agent Planners (CoDMAP 2015)},
  year={2015}
}

 
 @article{fikes1971strips,
  title={STRIPS: A new approach to the application of theorem proving to problem solving},
  author={Fikes, Richard E and Nilsson, Nils J},
  journal={Artificial intelligence},
  volume={2},
  number={3-4},
  pages={189--208},
  year={1971},
  publisher={Elsevier}
}

@misc{mcdermott1998pddl,
  title={PDDL-the planning domain definition language},
  author={McDermott, Drew and Ghallab, Malik and Howe, Adele and Knoblock, Craig and Ram, Ashwin and Veloso, Manuela and Weld, Daniel and Wilkins, David},
  year={1998},
  publisher={Technical Report CVC TR-98-003/DCS TR-1165, Yale Center for Computational~â€¦}
}

@inproceedings{kovacs2012multi,
  title={A Multi-Agent Extension of {PDDL}3.1},
  author={Kovacs, Daniel L},
  booktitle={Workshop on the International Planning Competition (IPC) in the International Conference on Automated Planning and Scheduling (ICAPS)},
  pages={19--27},
  year={2012}
}

@inproceedings{brafman2008one,
  title={From One to Many: Planning for Loosely Coupled Multi-Agent Systems.},
  author={Brafman, Ronen I and Domshlak, Carmel},
  booktitle={ICAPS},
  pages={28--35},
  year={2008}
}

@article{nissim2014distributed,
  title={Distributed heuristic forward search for multi-agent planning},
  author={Nissim, Raz and Brafman, Ronen},
  journal={Journal of Artificial Intelligence Research},
  volume={51},
  pages={293--332},
  year={2014}
}

@inproceedings{nissim2010general,
  title={A general, fully distributed multi-agent planning algorithm},
  author={Nissim, Raz and Brafman, Ronen I and Domshlak, Carmel},
  booktitle={International Conference on Autonomous Agents and Multiagent Systems},
  pages={1323--1330},
  year={2010}
}





@article{brafman2013complexity,
  title={On the complexity of planning for agent teams and its implications for single agent planning},
  author={Brafman, Ronen I and Domshlak, Carmel},
  journal={Artificial Intelligence},
  volume={198},
  pages={52--71},
  year={2013},
  publisher={Elsevier}
}

@article{maliah2017collaborative,
  title={Collaborative privacy preserving multi-agent planning},
  author={Maliah, Shlomi and Shani, Guy and Stern, Roni},
  journal={Autonomous Agents and Multi-Agent Systems},
  volume={31},
  number={3},
  pages={493--530},
  year={2017}
}

@article{culberson1998pattern,
  title={Pattern databases},
  author={Culberson, Joseph C and Schaeffer, Jonathan},
  journal={Computational Intelligence},
  volume={14},
  number={3},
  pages={318--334},
  year={1998},
  publisher={Wiley Online Library}
}

@inproceedings{edelkamp2014planning,
  title={Planning with pattern databases},
  author={Edelkamp, Stefan},
  booktitle={Sixth European Conference on Planning},
  year={2014}
}

@article{hoffmann2004ordered,
  title={Ordered landmarks in planning},
  author={Hoffmann, J{\"o}rg and Porteous, Julie and Sebastia, Laura},
  journal={Journal of Artificial Intelligence Research},
  volume={22},
  pages={215--278},
  year={2004}
}

@inproceedings{karpas2009cost,
  title={Cost-Optimal Planning with Landmarks.},
  author={Karpas, Erez and Domshlak, Carmel},
  booktitle={IJCAI},
  pages={1728--1733},
  year={2009}
}

@article{yang2007learning,
  title={Learning action models from plan examples using weighted MAX-SAT},
  author={Yang, Qiang and Wu, Kangheng and Jiang, Yunfei},
  journal={Artificial Intelligence},
  volume={171},
  number={2-3},
  pages={107--143},
  year={2007}
}



@article{amir2008learning,
  title={Learning partially observable deterministic action models},
  author={Amir, Eyal and Chang, Allen},
  journal={Journal of Artificial Intelligence Research},
  volume={33},
  pages={349--402},
  year={2008}
}

@article{cresswell2013acquiring,
  title={Acquiring planning domain models using LOCM},
  author={Cresswell, Stephen N and McCluskey, Thomas L and West, Margaret M},
  journal={The Knowledge Engineering Review},
  volume={28},
  number={2},
  pages={195--213},
  year={2013}
}

@inproceedings{aineto2018learning,
  title={Learning STRIPS action models with classical planning},
  author={Aineto, Diego and Jim{\'e}nez, Sergio and Onaindia, Eva},
  booktitle={International Conference on Automated Planning and Scheduling (ICAPS)},
  year={2018}
}

@inproceedings{kocsis2006bandit,
  title={Bandit based monte-carlo planning},
  author={Kocsis, Levente and Szepesv{\'a}ri, Csaba},
  booktitle={European conference on machine learning},
  pages={282--293},
  year={2006},
  organization={Springer}
}


@article{luhn1958automatic,
  title={The automatic creation of literature abstracts},
  author={Luhn, Hans Peter},
  journal={IBM Journal of research and development},
  volume={2},
  number={2},
  pages={159--165},
  year={1958},
  publisher={Ibm}

}


@article{jones1972statistical,
  title={A statistical interpretation of term specificity and its application in retrieval},
  author={Jones, Karen Sparck},
  journal={Journal of documentation},
  year={1972},
  publisher={MCB UP Ltd}
}


@article{tomic2012toward,
  title={Toward a fully autonomous UAV: Research platform for indoor and outdoor urban search and rescue},
  author={Tomic, Teodor and Schmid, Korbinian and Lutz, Philipp and Domel, Andreas and Kassecker, Michael and Mair, Elmar and Grixa, Iris Lynne and Ruess, Felix and Suppa, Michael and Burschka, Darius},
  journal={IEEE robotics \& automation magazine},
  volume={19},
  number={3},
  pages={46--56},
  year={2012},
  publisher={IEEE}
}

@article{ribas2011girona,
  title={Girona 500 AUV: From survey to intervention},
  author={Ribas, David and Palomeras, Narcis and Ridao, Pere and Carreras, Marc and Mallios, Angelos},
  journal={IEEE/ASME Transactions on mechatronics},
  volume={17},
  number={1},
  pages={46--53},
  year={2011},
  publisher={IEEE}
}


@article{allouche2010multi,
  title={Multi-agent coordination by temporal plan fusion: Application to combat search and rescue},
  author={Allouche, Mohamad K and Boukhtouta, Abdeslem},
  journal={Information Fusion},
  volume={11},
  number={3},
  pages={220--232},
  year={2010}
}

@article{blum1997fast,
  title={Fast planning through planning graph analysis},
  author={Blum, Avrim L and Furst, Merrick L},
  journal={Artificial intelligence},
  volume={90},
  number={1-2},
  pages={281--300},
  year={1997}
}

@article{hart1968formal,
  title={A formal basis for the heuristic determination of minimum cost paths},
  author={Hart, Peter E and Nilsson, Nils J and Raphael, Bertram},
  journal={IEEE transactions on Systems Science and Cybernetics},
  volume={4},
  number={2},
  pages={100--107},
  year={1968},
  publisher={IEEE}
}

@inproceedings{ollero2007aware,
  title={AWARE: Platform for Autonomous self-deploying and operation of Wireless sensor-actuator networks cooperating with unmanned AeRial vehiclEs},
  author={Ollero, Anibal and Marron, Pedro J and Bernard, Markus and Lepley, Jason and la Civita, Marco and de Andres, Eduardo and van Hoesel, Lodewijk},
  booktitle={2007 IEEE International Workshop on Safety, Security and Rescue Robotics},
  pages={1--6},
  year={2007},
  organization={IEEE}
}

@inproceedings{knepper2013ikeabot,
  title={Ikeabot: An autonomous multi-robot coordinated furniture assembly system},
  author={Knepper, Ross A and Layton, Todd and Romanishin, John and Rus, Daniela},
  booktitle={2013 IEEE International conference on robotics and automation},
  pages={855--862},
  year={2013},
  organization={IEEE}
}

@inproceedings{brito2003distributed,
  title={Distributed forward checking},
  author={Brito, Ismel and Meseguer, Pedro},
  booktitle={International Conference on Principles and Practice of Constraint Programming},
  pages={801--806},
  year={2003},
  organization={Springer}
}


@inproceedings{helmert2008unifying,
  title={Unifying the Causal Graph and Additive Heuristics.},
  author={Helmert, Malte and Geffner, H{\'e}ctor},
  booktitle={ICAPS},
  pages={140--147},
  year={2008}
}


@article{hoffmann2001ff,
  title={The FF planning system: Fast plan generation through heuristic search},
  author={Hoffmann, J{\"o}rg and Nebel, Bernhard},
  journal={Journal of Artificial Intelligence Research},
  volume={14},
  pages={253--302},
  year={2001}
}

@inproceedings{gerevini2019best,
  title={Best-first width search for multi agent privacy-preserving planning},
  author={Gerevini, Alfonso E and Lipovetzky, Nir and Percassi, Francesco and Saetti, Alessandro and Serina, Ivan},
  booktitle={International Conference on Automated Planning and Scheduling (ICAPS)},
  volume={29},
  pages={163--171},
  year={2019}
}

@article{mikolov2013distributed,
  title={Distributed representations of words and phrases and their compositionality},
  author={Mikolov, Tomas and Sutskever, Ilya and Chen, Kai and Corrado, Greg and Dean, Jeffrey},
  journal={arXiv preprint arXiv:1310.4546},
  year={2013}
}

@article{mikolov2013efficient,
  title={Efficient estimation of word representations in vector space},
  author={Mikolov, Tomas and Chen, Kai and Corrado, Greg and Dean, Jeffrey},
  journal={arXiv preprint arXiv:1301.3781},
  year={2013}
}

@article{harris1954distributional,
  title={Distributional structure},
  author={Harris, Zellig S},
  journal={Word},
  volume={10},
  number={2-3},
  pages={146--162},
  year={1954},
  publisher={Taylor \& Francis}
}

@inproceedings{coulom2006efficient,
  title={Efficient selectivity and backup operators in Monte-Carlo tree search},
  author={Coulom, R{\'e}mi},
  booktitle={International conference on computers and games},
  pages={72--83},
  year={2006},
  organization={Springer}
}

@article{maliah2018action,
  title={Action dependencies in privacy-preserving multi-agent planning},
  author={Maliah, Shlomi and Shani, Guy and Stern, Roni},
  journal={Autonomous Agents and Multi-Agent Systems},
  volume={32},
  number={6},
  pages={779--821},
  year={2018}
}


@inproceedings{boutilier1996planning,
  title={Planning, learning and coordination in multiagent decision processes},
  author={Boutilier, Craig},
  booktitle={Conference on Theoretical Aspects of Rationality},
  volume={96},
  pages={195--210},
  year={1996}
}

@article{bernstein2002complexity,
  title={The complexity of decentralized control of Markov decision processes},
  author={Bernstein, Daniel S and Givan, Robert and Immerman, Neil and Zilberstein, Shlomo},
  journal={Mathematics of operations research},
  volume={27},
  number={4},
  pages={819--840},
  year={2002}
}

@article{helmert2006fast,
  title={The fast downward planning system},
  author={Helmert, Malte},
  journal={Journal of Artificial Intelligence Research},
  volume={26},
  pages={191--246},
  year={2006}
}


@article{li2019survey,
  title={A survey of the consensus for multi-agent systems},
  author={Li, Yanjiang and Tan, Chong},
  journal={Systems Science \& Control Engineering},
  volume={7},
  number={1},
  pages={468--482},
  year={2019}
}

@article{ruml2011line,
  title={On-line planning and scheduling: An application to controlling modular printers},
  author={Ruml, Wheeler and Do, Minh Binh and Zhou, Rong and Fromherz, Markus PJ},
  journal={Journal of Artificial Intelligence Research},
  volume={40},
  pages={415--468},
  year={2011}
}

@book{brachman2004,
 title = {Knowledge Representation and Reasoning},
 author = {Brachman, Ronald J. and Levesque, Hector J.},
 publisher = {Elsevier},
 year = {2004}
}

@inproceedings{moldovan2012safe,
  title={Safe exploration in {M}arkov decision processes},
  author={Moldovan, Teodor Mihai and Abbeel, Pieter},
  booktitle={International Conference on Machine Learning (ICML)},
  pages={1451--1458},
  year={2012}
}

@inproceedings{wachi2018safe,
  title={Safe exploration and optimization of constrained {MDPs} using {Gaussian} processes},
  author={Wachi, Akifumi and Sui, Yanan and Yue, Yisong and Ono, Masahiro},
  booktitle={AAAI Conference on Artificial Intelligence (AAAI)},
  pages = {6548--6555},
  year={2018}
}


@incollection{berenkamp2017,
	Author = {Berkenkamp, Felix and Turchetta, Matteo and Schoellig, Angela and Krause, Andreas},
	Booktitle = {Advances in Neural Information Processing Systems},
	Editor = {I. Guyon and U. V. Luxburg and S. Bengio and H. Wallach and R. Fergus and S. Vishwanathan and R. Garnett},
	Pages = {908--918},
	Title = {Safe Model-based Reinforcement Learning with Stability Guarantees},
	Url = {http://papers.nips.cc/paper/6692-safe-model-based-reinforcement-learning-with-stability-guarantees.pdf},
	Year = {2017},
	Bdsk-Url-1 = {http://papers.nips.cc/paper/6692-safe-model-based-reinforcement-learning-with-stability-guarantees.pdf}}

@inproceedings{turchetta2016,
  title={Safe exploration in finite markov decision processes with gaussian processes},
  author={Turchetta, Matteo and Berkenkamp, Felix and Krause, Andreas},
  booktitle={Advances in Neural Information Processing Systems},
  pages={4312--4320},
  year={2016}
}



@inproceedings{wang1994learning,
  title={Learning planning operators by observation and practice},
  author={Wang, Xuemei},
  booktitle={Second International Conference on Artificial Intelligence Planning Systems (AIPS)},
  pages={335--340},
  year={1994}
}

@inproceedings{wang1995learning,
  title={Learning by observation and practice: an incremental approach for planning operator acquisition},
  author={Wang, Xuemei},
  booktitle={International Conference on Machine Learning (ICML)},
  pages={549--557},
  year={1995}
}

@article{ipc, 
    title={The 1998 {AI} Planning Systems Competition}, 
    volume={21},
    number={2}, 
    journal={AI Magazine}, 
    author={Drew McDermott}, 
    year={2000}, 
    month={June}, 
    pages={13} 
}

@article{givan2000bounded,
  title={Bounded-parameter Markov decision processes},
  author={Givan, Robert and Leach, Sonia and Dean, Thomas},
  journal={Artificial Intelligence},
  volume={122},
  number={1-2},
  pages={71--109},
  year={2000}
}



@article{stern2019Probably,
author = {Roni Stern and Gal Dreiman and Richard Valenzano},
title = "Probably bounded suboptimal heuristic search",
journal = "Artificial Intelligence",
volume = "267",
pages = "39 - 57",
year = "2019"
}

@article{pinto2015safeAiCreatingHealthCareExpertSystems,
 author = {Pinto, Marcos and Hasam, Mamun and Wei, Hsinrong},
 title = {Safe AI: Creating a Health Care Expert System},
 journal = {J. Comput. Sci. Coll.},
 volume = {31},
 number = {2},
 year = {2015},
 pages = {58--64}
} 


@incollection{rodd1995safe,
  title={Safe AI-is this Possible?},
  author={Rodd, MG},
  booktitle={Safety, Reliability and Applications of Emerging Intelligent Control Technologies},
  pages={1--8},
  year={1995},
  publisher={Elsevier}
}


@article{wu2007arms,
  title={{ARMS}: An automatic knowledge engineering tool for learning action models for AI planning},
  author={Wu, Kangheng and Yang, Qiang and Jiang, Yunfei},
  journal={The Knowledge Engineering Review},
  volume={22},
  number={2},
  pages={135--152},
  year={2007}
}

@inproceedings{muise2014non,
  title={Non-Deterministic Planning With Conditional Effects.},
  author={Muise, Christian J and McIlraith, Sheila A and Belle, Vaishak},
  booktitle={ICAPS},
  year={2014}
}

@article{coles2012survey,
  title={A survey of the seventh international planning competition},
  author={Coles, Amanda and Coles, Andrew and Olaya, Angel Garc{\'\i}a and Jim{\'e}nez, Sergio and L{\'o}pez, Carlos Linares and Sanner, Scott and Yoon, Sungwook},
  journal={AI Magazine},
  volume={33},
  number={1},
  pages={83--88},
  year={2012}
}

@article{younes2004ppddl1,
  title={PPDDL1. 0: An extension to PDDL for expressing planning domains with probabilistic effects},
  author={Younes, H{\aa}kan LS and Littman, Michael L},
  journal={Techn. Rep. CMU-CS-04-162},
  year={2004}
}


@book{bertsekas2005dynamic,
  title={Dynamic programming and optimal control},
  author={Bertsekas, Dimitri P and Bertsekas, Dimitri P and Bertsekas, Dimitri P and Bertsekas, Dimitri P},
  year={2005},
  publisher={Athena scientific Belmont, MA}
}

@inproceedings{walsh2008efficient,
  title={Efficient learning of action schemas and web-service descriptions.},
  author={Walsh, Thomas J and Littman, Michael L},
  booktitle={{AAAI} Conference on Artificial Intelligence (AAAI)},
  volume={8},
  pages={714--719},
  year={2008}
}

@inproceedings{sardina2015towards,
  title={Towards Fully Observable Non-Deterministic Planning as Assumption-based Automatic Synthesis.},
  author={Sardina, Sebastian and D'Ippolito, Nicol{\'a}s},
  booktitle={IJCAI},
  pages={3200--3206},
  year={2015}
}
@inproceedings{mehta2011autonomous,
  title={Autonomous learning of action models for planning},
  author={Mehta, Neville and Tadepalli, Prasad and Fern, Alan},
  booktitle={Advances in Neural Information Processing Systems (NIPS)},
  pages={2465--2473},
  year={2011}
}

@inproceedings{agostini2011integrating,
  title={Integrating Task Planning and Interactive Learning for Robots to Work in Human Environments.},
  author={Agostini, Alejandro and Torras, Carme and W{\"o}rg{\"o}tter, Florentin},
  booktitle={IJCAI},
  pages={2386--2391},
  year={2011}
}

@article{backstrom1995complexity,
  title={Complexity results for SAS+ planning},
  author={B{\"a}ckstr{\"o}m, Christer and Nebel, Bernhard},
  journal={Computational Intelligence},
  volume={11},
  number={4},
  pages={625--655},
  year={1995}
}

@misc{juba19,
 author = {Brendan Juba},
 title = {Polynomial-Time Probabilistic Reasoning with Partial Observations via Implicit Learning in Probability Logics},
 howpublished = {To appear in AAAI'19},
 year = {2019}
}

@misc{jl19,
 author = {Brendan Juba and Hai S. Le},
 title = {Precision-Recall Versus Accuracy and the Role of Large Data Sets},
 howpublished = {To appear in AAAI'19},
 year = {2019}
}

@misc{likhachev2014sbpl,
  title={SBPL graph search library},
  author={Likhachev, Maxim},
  howpublished = {\url{http://www.sbpl.net/software}},
  year={2014}
}



@article{vallati20152014,
  title={The 2014 international planning competition: Progress and trends},
  author={Vallati, Mauro and Chrpa, Lukas and Grze{\'s}, Marek and McCluskey, Thomas Leo and Roberts, Mark and Sanner, Scott and others},
  journal={AI Magazine},
  volume={36},
  number={3},
  pages={90--98},
  year={2015}
}


@inproceedings{barIlan2017learningSoftwareBehavior,
  title={Learning Software Behavior for Automated Diagnosis},
  author={Ori Bar-Ilan and Roni Stern and Meir Kalech},
  booktitle={the Workshop on Principles of Diagnosis (DX)},
  year={2017}
}


@book{minton2014machine,
  title={Machine learning methods for planning},
  author={Minton, Steven},
  year={2014},
  publisher={Morgan Kaufmann}
}

@inproceedings{yoon2006learning,
  title={Learning Heuristic Functions from Relaxed Plans.},
  author={Yoon, Sung Wook and Fern, Alan and Givan, Robert},
  booktitle={ICAPS},
  pages={162--171},
  year={2006}
}

@article{yoon2008learning,
  title={Learning control knowledge for forward search planning},
  author={Yoon, Sungwook and Fern, Alan and Givan, Robert},
  journal={Journal of Machine Learning Research},
  volume={9},
  number={Apr},
  pages={683--718},
  year={2008}
}



@inproceedings{zhang2017dynamically,
  title={Dynamically Constructed {(PO)MDPs} for Adaptive Robot Planning.},
  author={Zhang, Shiqi and Khandelwal, Piyush and Stone, Peter},
  booktitle={AAAI},
  pages={3855--3863},
  year={2017}
}

@inproceedings{krajvnansky2014learning,
  title={Learning pruning rules for heuristic search planning},
  author={Kraj{\v{n}}ansk{\`y}, Michal and Hoffmann, J{\"o}rg and Buffet, Olivier and Fern, Alan},
  booktitle={European Conference on Artificial Intelligence ({ECAI})},
  pages={483--488},
  year={2014}
}

@article{nguyen2017robustPlanning, 
author = {Tuan Nguyen and 
Sarath Sreedharan and 
Subbarao Kambhampati}, 
title = {Robust planning with incomplete domain models}, 
journal = {Artif. Intell.}, 
volume = {245}, 
pages = {134--161}, 
year = {2017}
} 


@inproceedings{lindsay2017framer,
  title={Framer: Planning Models from Natural Language Action Descriptions},
  author={Lindsay, Alan and Read, Jonathon and Ferreira, Joao F and Hayton, Thomas and Porteous, Julie and Gregory, PJ},
  booktitle={International Conference on Automated Planning and Scheduling (ICAPS)},
  year={2017}
}

@inproceedings{gregory2015domain,
  title={Domain Model Acquisition in the Presence of Static Relations in the LOP System.},
  author={Gregory, Peter and Cresswell, Stephen},
  booktitle={International Conference on Automated Planning and Scheduling (ICAPS)},
  pages={97--105},
  year={2015}
}

@inproceedings{gregory2016domain,
  title={Domain Model Acquisition in Domains with Action Costs.},
  author={Gregory, Peter and Lindsay, Alan},
  booktitle={International Conference on Automated Planning and Scheduling (ICAPS)},
  pages={149--157},
  year={2016}
}

@article{zimmerman2003learning,
  title={Learning-assisted automated planning: looking back, taking stock, going forward},
  author={Zimmerman, Terry and Kambhampati, Subbarao},
  journal={AI Magazine},
  volume={24},
  number={2},
  pages={73},
  year={2003}
}

@article{jimenez2012review,
  title={A review of machine learning for automated planning},
  author={Jim{\'e}nez, Sergio and De la Rosa, Tom{\'a}s and Fern{\'a}ndez, Susana and Fern{\'a}ndez, Fernando and Borrajo, Daniel},
  journal={The Knowledge Engineering Review},
  volume={27},
  number={4},
  pages={433--467},
  year={2012}
}



@inproceedings{poll2011third,
  title={Third international diagnostics competition--DXCâ€™11},
  author={Poll, Scott and de Kleer, Johan and Abreau, R and Daigle, Matthew and Feldman, Alexander and Garcia, David and Sweet, A},
  booktitle={the international workshop on principles of diagnosis (DX)},
  pages={267--278},
  year={2011}
}


@inproceedings{fox2011automatic,
  title={Automatic Construction of Efficient Multiple Battery Usage Policies.},
  author={Fox, Maria and Long, Derek and Magazzeni, Daniele},
  booktitle={IJCAI},
  pages={2620--2625},
  year={2011}
}

@article{muralidharan2014fault,
  title={Fault diagnosis of monoblock centrifugal pump using SVM},
  author={Muralidharan, V and Sugumaran, V and Indira, V},
  journal={Engineering Science and Technology, an International Journal},
  volume={17},
  number={3},
  pages={152--157},
  year={2014},
  publisher={Elsevier}
}

@article{mendoncca2009architecture,
  title={An architecture for fault detection and isolation based on fuzzy methods},
  author={Mendon{\c{c}}a, Lu{\'\i}s F and Sousa, JMC and da Costa, JMG S{\'a}},
  journal={Expert systems with applications},
  volume={36},
  number={2},
  pages={1092--1104},
  year={2009},
  publisher={Elsevier}
}

@inproceedings{castillo2005model,
  title={Model-based fault diagnosis using sliding mode observers to Takagi-Sugeno fuzzy model},
  author={Castillo-Toledo, B and Anzurez-Marin, J},
  booktitle={IEEE International Symposium on, Mediterrean Conference on Control and Automation Intelligent Control},
  pages={652--657},
  year={2005},
  organization={IEEE}
}


@inproceedings{mendoncca2003fault,
  title={Fault detection and diagnosis using fuzzy models},
  author={Mendon{\c{c}}a, LF and da Costa, JMG S{\'a} and Sousa, JM},
  booktitle={European Control Conference (ECC)},
  pages={647--652},
  year={2003},
  organization={IEEE}
}

@article{abreu2011simultaneousDebugging,
  author = {Abreu, Rui and Zoeteweij, Peter and van Gemund, Arjan J. C.},
  journal = {Journal of Systems and Software},
  number = 4,
  pages = {573--586},
  title = {Simultaneous debugging of software faults},
  volume = 84,
  year = 2011
}


@inproceedings{boyarski2015icbs,
  author    = {Eli Boyarski and
               Ariel Felner and
               Roni Stern and
               Guni Sharon and
               David Tolpin and
               Oded Betzalel and
               Solomon Eyal Shimony},
  title     = {{ICBS:} Improved Conflict-Based Search Algorithm for Multi-Agent Pathfinding},
  booktitle = {International Joint Conference on Artificial Intelligence ({IJCAI})},
  pages     = {740--746},
  year      = {2015}
}


@inproceedings{niggemann10model,
  author    = {Oliver Niggemann and
               Alexander Maier and
               J{\"{u}}rgen Jasperneite},
  title     = {Model-based Development of Automation Systems},
  booktitle = {Dagstuhl-Workshop {MBEES:} Modellbasierte Entwicklung eingebetteter
               Systeme VI},
  pages     = {45--54},
  year      = {2010}
}


@inproceedings{boyrasky2015dont,
  title={Don't Split, Try To Work It Out: Bypassing Conflicts in Multi-Agent Pathfinding.},
  author={Boyrasky, Eli and Felner, Ariel and Sharon, Guni and Stern, Roni},
  booktitle={ICAPS},
  pages={47--51},
  year={2015}
}

@article{feldman2010model,
  title={A model-based active testing approach to sequential diagnosis},
  author={Feldman, Alexander and Provan, Gregory and Van Gemund, Arjan},
  journal={Journal of Artificial Intelligence Research},
  volume={39},
  number={1},
  pages={301--334},
  year={2010}
}

@inproceedings{rish2004real,
  title={Real-time problem determination in distributed systems using active probing},
  author={Rish, Irina and Brodie, Mark and Odintsova, Natalia and Ma, Sheng and Grabarnik, Genady},
  booktitle={Network Operations and Management Symposium, 2004. NOMS 2004. IEEE/IFIP},
  volume={1},
  pages={133--146},
  year={2004},
  organization={IEEE}
}

@inproceedings{abreu2009new,
  title={A new bayesian approach to multiple intermittent fault diagnosis},
  author={Abreu, Rui and Zoeteweij, Peter and Van Gemund, Arjan JC},
  booktitle={the International Joint Conference on Artificial Intelligence (IJCAI)},
  pages={653--658},
  year={2009}
  }

@inproceedings{brglez1999design,
  title={Design of experiments in CAD: Context and new data sets for ISCAS'99},
  author={Brglez, Franc and Drechsler, Rolf},
  booktitle={Circuits and Systems, 1999. ISCAS'99. Proceedings of the 1999 IEEE International Symposium on},
  volume={6},
  pages={424--427},
  year={1999},
  organization={IEEE}
}

@article{hansen1999unveiling,
  title={Unveiling the ISCAS-85 benchmarks: A case study in reverse engineering},
  author={Hansen, Mark C and Yalcin, Hakan and Hayes, John P},
  journal={IEEE Design \& Test},
  volume={16},
  number={3},
  pages={72--80},
  year={1999},
  publisher={IEEE Computer Society Press}
}


@article{majercik2003contingent,
  title={Contingent planning under uncertainty via stochastic satisfiability},
  author={Majercik, Stephen M and Littman, Michael L},
  journal={Artificial Intelligence},
  volume={147},
  number={1},
  pages={119--162},
  year={2003},
  publisher={Elsevier}
}

@inproceedings{hoffmann2005contingent,
  title={Contingent planning via heuristic forward search with implicit belief states},
  author={Hoffmann, J{\"o}rg and Brafman, Ronen},
  booktitle={ICAPS},
  volume={2005},
  year={2005}
}

@inproceedings{cimatti1999conformant,
  title={Conformant planning via model checking},
  author={Cimatti, Alessandro and Roveri, Marco},
  booktitle={European Conference on Planning},
  pages={21--34},
  year={1999},
  organization={Springer}
}


@article{cimatti2004conformant,
  title={Conformant planning via symbolic model checking and heuristic search},
  author={Cimatti, Alessandro and Roveri, Marco and Bertoli, Piergiorgio},
  journal={Artificial Intelligence},
  volume={159},
  number={1},
  pages={127--206},
  year={2004},
  publisher={Elsevier}
}

@article{hoffmann2006conformant,
  title={Conformant planning via heuristic forward search: A new approach},
  author={Hoffmann, J{\"o}rg and Brafman, Ronen I},
  journal={Artificial Intelligence},
  volume={170},
  number={6},
  pages={507--541},
  year={2006},
  publisher={Elsevier}
}

@article{goldreich2012theory,
  title={A theory of goal-oriented communication},
  author={Goldreich, Oded and Juba, Brendan and Sudan, Madhu},
  journal={Journal of the ACM (JACM)},
  volume={59},
  number={2},
  pages={8},
  year={2012},
  publisher={ACM}
}

@article{lelis2016predicting,
  title={Predicting optimal solution costs with bidirectional stratified sampling in regular search spaces},
  author={Lelis, Levi HS and Stern, Roni and Arfaee, Shahab Jabbari and Zilles, Sandra and Felner, Ariel and Holte, Robert C},
  journal={Artificial Intelligence},
  volume={230},
  pages={51--73},
  year={2016},
  publisher={Elsevier}
}

@inproceedings{lelis2011predicting,
  title={Predicting solution cost with conditional probabilities},
  author={Lelis, Levi and Stern, Roni and Arfaee, Shahab Jabbari},
  booktitle={Fourth Annual Symposium on Combinatorial Search},
  year={2011}
}


@inproceedings{thayer2011bounded,
  title={Bounded suboptimal search: A direct approach using inadmissible estimates},
  author={Thayer, Jordan T and Ruml, Wheeler},
  booktitle={IJCAI},
  volume={2011},
  pages={674--679},
  year={2011}
}

@inproceedings{pohl1973avoidance,
  title={The avoidance of (relative) catastrophe, heuristic competence, genuine dynamic weighting and computational issues in heuristic problem solving},
  author={Pohl, Ira},
  booktitle={Proceedings of the 3rd international joint conference on Artificial intelligence},
  pages={12--17},
  year={1973}
}


@article{hart1968formal,
  title={A formal basis for the heuristic determination of minimum cost paths},
  author={Hart, Peter E and Nilsson, Nils J and Raphael, Bertram},
  journal={IEEE transactions on Systems Science and Cybernetics},
  volume={4},
  number={2},
  pages={100--107},
  year={1968},
  publisher={IEEE}
}

@article{korf1985depth,
  title={Depth-first iterative-deepening: An optimal admissible tree search},
  author={Korf, Richard E},
  journal={Artificial intelligence},
  volume={27},
  number={1},
  pages={97--109},
  year={1985},
  publisher={Elsevier}
}

@inproceedings{hoffmann2007web,
  title={Web service composition as planning, revisited: In between background theories and initial state uncertainty},
  author={Hoffmann, J{\"o}rg and Bertoli, Piergiorgio and Pistore, Marco},
  booktitle={AAAI},
  volume={22},
  pages={1013},
  year={2007}
}

@inproceedings{hoffmann2015simulated,
  title={Simulated Penetration Testing: From" Dijkstra" to" Turing Test++".},
  author={Hoffmann, J{\"o}rg},
  booktitle={ICAPS},
  pages={364--372},
  year={2015}
}

@inproceedings{robinson2014cost,
  title={Cost-Based Query Optimization via AI Planning.},
  author={Robinson, Nathan and McIlraith, Sheila A and Toman, David and others},
  booktitle={AAAI},
  pages={2344--2351},
  year={2014}
}





@inproceedings{stern2010usingLookahead,  
  title={Using lookaheads with optimal best-first search},
  booktitle={AAAI},
  author={Roni Stern and Tamar Kulberis and Ariel Felner and Robert Holte},
  year={2010}
}

@inproceedings{el1995diagnosing,
  title={Diagnosing tree-decomposable circuits},
  author={El Fattah, Yousri and Dechter, Rina},
  booktitle={IJCAI},
  volume={95},
  pages={1742--1749},
  year={1995},
  organization={Citeseer}
}


@book{darwiche2009modeling,
  title={Modeling and reasoning with Bayesian networks},
  author={Darwiche, Adnan},
  year={2009},
  publisher={Cambridge University Press}
}

@inproceedings{gilon2016dynamic,
  title={Dynamic Potential Searchâ€”A New Bounded Suboptimal Search},
  author={Gilon, Daniel and Felner, Ariel and Stern, Roni},
  booktitle={Annual Symposium on Combinatorial Search ({SoCS})},
  year={2016}
}

@inproceedings{sadov2010towards,
  title={Towards Partial (and Useful) Model Identification for Model-Based Diagnosis},
  author={Sadov, Vladimir and Khalastchi, Eliahu and Kalech, Meir and Kaminka, Gal A},
  booktitle={the Workshop on Principles of Diagnosis (DX)},
  year={2010}
}

@inproceedings{juba2016conditional,
  title={Conditional Sparse Linear Regression},
  author={Juba, Brendan},
  booktitle = {Innovations in Theoretical Computer Science (ITCS)},
  note={arXiv preprint arXiv:1608.05152},
  year={2017}
}

@inproceedings{niggemann2012learning,
  title={Learning Behavior Models for Hybrid Timed Systems},
  author={Niggemann, Oliver and Stein, Benno and Vodencarevic, Asmir and Maier, Alexander and B{\"u}ning, Hans Kleine},
  booktitle={AAAI},
  volume={2},
  pages={1083--1090},
  year={2012}
}

@inproceedings{struss1989physical,
  title={``Physical Negation'' Integrating Fault Models into the General Diagnostic Engine.},
  author={Struss, Peter and Dressler, Oskar},
  booktitle={IJCAI},
  volume={89},
  pages={1318--1323},
  year={1989}
}

@article{metodi2014novel,
  title={A novel sat-based approach to model based diagnosis},
  author={Metodi, Amit and Stern, Roni and Kalech, Meir and Codish, Michael},
  journal={Journal of Artificial Intelligence Research},
  volume={51},
  pages={377--411},
  year={2014}
}

@inproceedings{cassandra1994acting,
  title={Acting optimally in partially observable stochastic domains},
  author={Cassandra, Anthony R and Kaelbling, Leslie Pack and Littman, Michael L},
  booktitle={AAAI},
  volume={94},
  pages={1023--1028},
  year={1994}
}

@article{greiner1996palo,
  title={{PALO}: A probabilistic hill-climbing algorithm},
  author={Greiner, Russell},
  journal={Artificial Intelligence},
  volume={84},
  number={1},
  pages={177--208},
  year={1996},
  publisher={Elsevier}
}

@article{kushmerick1995algorithm,
  title={An algorithm for probabilistic planning},
  author={Kushmerick, Nicholas and Hanks, Steve and Weld, Daniel S},
  journal={Artificial Intelligence},
  volume={76},
  number={1},
  pages={239--286},
  year={1995},
  publisher={Elsevier}
}

@inproceedings{taig2015compilation,
  title={A Compilation Based Approach to Conformant Probabilistic Planning with Stochastic Actions.},
  author={Taig, Ran and Brafman, Ronen I},
  booktitle={ICAPS},
  volume={2015},
  pages={220--224},
  year={2015}
}

@article{markou2016cost,
  title={Cost-Sensitive Probabilistic Contingent Planning for Web Service Composition},
  author={Markou, George and Refanidis, Ioannis},
  journal={International Journal on Artificial Intelligence Tools},
  volume={25},
  number={01},
  year={2016}
}

@inproceedings{blum1999probabilistic,
  title={Probabilistic planning in the graphplan framework},
  author={Blum, Avrim L and Langford, John C},
  booktitle={European Conference on Planning},
  pages={319--332},
  year={1999},
  organization={Springer}
}



@inproceedings{borgo2016planning,
  title={A Planning-Based Architecture for a Reconfigurable Manufacturing System},
  author={Borgo, Stefano and Cesta, Amedeo and Orlandini, Andrea and Umbrico, Alessandro},
  booktitle={ICAPS},
  pages={358--366},
  year={2016}
}

@article{ruml2011line,
  title={On-line planning and scheduling: An application to controlling modular printers},
  author={Ruml, Wheeler and Do, Minh Binh and Zhou, Rong and Fromherz, Markus PJ},
  journal={Journal of Artificial Intelligence Research},
  volume={40},
  pages={415--468},
  year={2011}
}

@book{chen2012robust,
  title={Robust model-based fault diagnosis for dynamic systems},
  author={Chen, Jie and Patton, Ron J},
  volume={3},
  year={2012},
  publisher={Springer Science \& Business Media}
}

@article{dexter1997model,
  title={Model-based fault diagnosis using fuzzy matching},
  author={Dexter, Arthur L and Benouarets, Mourad},
  journal={IEEE Transactions on Systems, Man, and Cybernetics-Part A: Systems and Humans},
  volume={27},
  number={5},
  pages={673--682},
  year={1997}
}

@article{frank1997survey,
  title={Survey of robust residual generation and evaluation methods in observer-based fault detection systems},
  author={Frank, Paul M and Ding, Xianchun},
  journal={Journal of process control},
  volume={7},
  number={6},
  pages={403--424},
  year={1997},
  publisher={Elsevier}
}

@Book{reasoning2016dictionary,
    publisher = {Merriam-Webster},
    author = {Reasoning.},
    title = {{The Merriam-Webster Dictionary}},
    year = {2016},
}


@article{torta2006onTheUse,
  author    = {Gianluca Torta and
               Pietro Torasso},
  title     = {On the use of OBDDs in model-based diagnosis: An approach based on
               the partition of the model},
  journal   = {Knowl.-Based Syst.},
  volume    = {19},
  number    = {5},
  pages     = {316--323},
  year      = {2006}
}



@article{darwiche2001decomposable,
  title={Decomposable negation normal form},
  author={Darwiche, Adnan},
  journal={Journal of the ACM (JACM)},
  volume={48},
  number={4},
  pages={608--647},
  year={2001},
  publisher={ACM}
}


@inproceedings{feldman2006two,
  title={A two-step hierarchical algorithm for model-based diagnosis},
  author={Feldman, Alexander and Van Gemund, Arjan},
  booktitle={{AAAI}},
  volume={21},
  year={2006}
}

@article{korf1985macro,
  title={Macro-operators: A weak method for learning},
  author={Korf, Richard E},
  journal={Artificial intelligence},
  volume={26},
  number={1},
  pages={35--77},
  year={1985},
  publisher={Elsevier}
}


@article{koedinger1990abstract,
  title={Abstract planning and perceptual chunks: Elements of expertise in geometry},
  author={Koedinger, Kenneth R and Anderson, John R},
  journal={Cognitive Science},
  volume={14},
  number={4},
  pages={511--550},
  year={1990},
  publisher={Elsevier}
}

@inproceedings{chrpa2015online,
  title={On the online generation of effective macro-operators},
  author={Chrpa, Luk{\'a}{\v{s}} and Vallati, Mauro and McCluskey, Thomas Leo},
  booktitle={the International Conference on Artificial Intelligence ({AAAI})},
  pages={1544--1550},
  year={2015}
}

@article{coles2007marvin,
  title={Marvin: A Heuristic Search Planner with Online Macro-Action Learning.},
  author={Coles, Andrew and Smith, Amanda},
  journal={J. Artif. Intell. Res.(JAIR)},
  volume={28},
  pages={119--156},
  year={2007}
}

@inproceedings{chrpa2014mum,
  title={{MUM}: A Technique for Maximising the Utility of Macro-operators by Constrained Generation and Use.},
  author={Chrpa, Luk{\'a}s and Vallati, Mauro and McCluskey, Thomas Leo},
  booktitle={ICAPS},
  year={2014}
}

@article{bylander1994computational,
  title={The computational complexity of propositional STRIPS planning},
  author={Bylander, Tom},
  journal={Artificial Intelligence},
  volume={69},
  number={1},
  pages={165--204},
  year={1994}
}

@article{bylander1991computational,
  title={The computational complexity of abduction},
  author={Bylander, Tom and Allemang, Dean and Tanner, Michael C and Josephson, John R},
  journal={Artificial intelligence},
  volume={49},
  number={1},
  pages={25--60},
  year={1991}
}

@inproceedings{wotawa2002model,
  title={Model-based debugging or how to diagnose programs automatically},
  author={Wotawa, Franz and Stumptner, Markus and Mayer, Wolfgang},
  booktitle={International Conference on Industrial, Engineering and Other Applications of Applied Intelligent Systems},
  pages={746--757},
  year={2002}
}
@article{elmishali2018AnArificial,
  author    = {Amir Elmishali and
               Roni Stern and
               Meir Kalech},
  title     = {An Artificial Intelligence paradigm for troubleshooting software bugs},
  journal   = {Eng. Appl. of {AI}},
  volume    = {69},
  pages     = {147--156},
  year      = {2018}
}
@inproceedings{Zamir2014UsingMD,
  title={Using Model-Based Diagnosis to Improve Software Testing},
  author={Tom Zamir and Roni Stern and Meir Kalech},
  booktitle={AAAI},
  year={2014}
}

@inproceedings{williams96,
 author = {Williams, Brian C. and Nayak, P. Pandurang},
 title = {A model-based approach to reactive self-configuring systems},
 booktitle = {AAAI},
  year = {1996},
  pages = {971--978}
}


@article{struss2003model,
  title={Model-based systems in the automotive industry},
  author={Struss, Peter and Price, Chris},
  journal={AI magazine},
  volume={24},
  number={4},
  pages={17--34},
  year={2003}
}

@article{reiter1987theory,
  title={A theory of diagnosis from first principles},
  author={Reiter, Raymond},
  journal={Artificial intelligence},
  volume={32},
  number={1},
  pages={57--95},
  year={1987}
}

@inproceedings{phillips2012graphs,
  title={E-Graphs: Bootstrapping Planning with Experience Graphs},
  author={Phillips, Mike and Cohen, Benjamin J and Chitta, Sachin and Likhachev, Maxim},
  booktitle={Robotics: Science and Systems},
  volume={5},
  year={2012}
}

@article{qin2012survey,
  title={Survey on data-driven industrial process monitoring and diagnosis},
  author={Qin, S Joe},
  journal={Annual Reviews in Control},
  volume={36},
  number={2},
  pages={220--234},
  year={2012},
  publisher={Elsevier}
}

@inproceedings{harpstead2013investigating,
  title={Investigating the solution space of an open-ended educational game using conceptual feature extraction},
  author={Harpstead, Erik and MacLellan, Christopher J and Koedinger, Kenneth R and Aleven, Vincent and Dow, Steven P and Myers, Brad},
  year={2013},
  booktitle={International Conference on Educational Data Mining (EDM)}
}

@inproceedings{peng2011helix,
  title={Helix: Unsupervised grammar induction for structured activity recognition},
  author={Peng, Huan-Kai and Wu, Pang and Zhu, Jiang and Zhang, Joy Ying},
  booktitle={International Conference on Data Mining ({ICDM})},
  pages={1194--1199},
  year={2011}
}

@inproceedings{tian2016discovering,
  title={Discovering Underlying Plans Based on Distributed Representations of Actions},
  author={Tian, Xin and Zhuo, Hankz Hankui and Kambhampati, Subbarao},
  booktitle={the International Conference on Autonomous Agents \& Multiagent Systems ({AAMAS})},
  pages={1135--1143},
  year={2016},
}

@article{valiant2000robustLogics,
title = "Robust logics",
journal = "Artificial Intelligence",
volume = "117",
number = "2",
pages = "231 -- 253",
year = "2000",
author = "Leslie G. Valiant"
}

@article{valiant2000neuroidal,
 author = {Leslie G. Valiant},
 title = {A Neuroidal Architecture for Cognitive Computation},
 journal = {Journal of the {ACM}},
 volume = {47},
 number = {5},
 pages = {854--882},
 year = {2000}
}

@inproceedings{valiant2006knowledgeInfusion,
 author = {Leslie G. Valiant},
 title = {Knowledge Infusion},
 booktitle = {{AAAI} Conference on Artificial Intelligence},
 pages = {1546--1551},
 year = {2006}
}

@inproceedings{michael2008first,
  title={A First Experimental Demonstration of Massive Knowledge Infusion.},
  author={Michael, Loizos and Valiant, Leslie G},
  booktitle={KR},
  pages={378--389},
  year={2008}
}

@inproceedings{semeraro2009knowledge,
  title={Knowledge infusion into content-based recommender systems},
  author={Semeraro, Giovanni and Lops, Pasquale and Basile, Pierpaolo and de Gemmis, Marco},
  booktitle={ACM conference on Recommender systems (RecSys)},
  pages={301--304},
  year={2009}
}


@article{michael2010partialObservability,
 author = {Loizos Michael},
 title = {Partial observability and learnability},
 journal = {Artificial Intelligence},
 volume = {174},
 number = {11},
 pages = {639--669},
 year = {2010}
}

@article{khardon1997l2r,
 author = {Roni Khardon and Dan Roth},
 title = {Learning to Reason},
 journal = {Journal of the {ACM}},
 volume = {44},
 number =  {5},
 pages = {697--725},
 year = {1997}
}

@article{khardon1999l2act,
 author = {Roni Khardon},
 title = {Learning to take actions},
 journal = {Machine Learning},
 volume = {35},
 number = {1},
 pages = {57--90},
 year = {1999}
}

@article{khardon1999learning,
  title={Learning action strategies for planning domains},
  author={Khardon, Roni},
  journal={Artificial Intelligence},
  volume={113},
  number={1-2},
  pages={125--148},
  year={1999}
}

@article{kearns2002POMDPsample,
  author = {Michael Kearns and Yishay Mansour and Andrew Ng},
 title = {A sparse sampling algorithm for near-optimal planning in large {M}arkov decision processes},
 journal = {Machine Learning},
 volume = {49},
 number = {2},
 pages = {193--208},
 year = {2002}
}

@inproceedings{bareinboim2012completeness,
 author = {Elias Bareinboim and Judea Pearl},
 title = {Transportability of causal effects: Completeness results},
 booktitle = {AAAI Conference on Artificial Intelligence (AAAI)},
 pages = {698--704},
 year = {2012}
}

@article{bareinboim2013algorithm,
 author = {Elias Bareinboim and Judea Pearl},
 title = {A general algorithm for deciding transportability of experimental results},
 journal = {J. Causal Inference},
 volume = {1},
 number = {1},
 pages = {107--134},
 year = {2013}
}

@phdthesis{kakade2003thesis,
 author = {Sham M. Kakade},
 title = {On the Sample Complexity of Reinforcement Learning},
 school = {University College London},
 department = {Gatsby Computational Neuroscience Unit},
 year = {2003}
}

@inproceedings{shelton2001,
 author = {Christopher Shelton},
 title = {Policy improvement for {POMDPs} using normalized importance sampling},
 booktitle = {Uncertainty in Artificial Intelligence (UAI)},
 pages = {496--503},
 year = {2001}
}

@inproceedings{peshkin2002,
 author = {Leonid Peshkin and Christopher R. Shelton},
 title = {Learning from Scarce Experience},
 booktitle = {International Conference on Machine Learning (ICML)},
 pages = {498--505},
 year = {2002}
} 

@inproceedings{precup2000off-policy,
 author = {Doina Precup and Richard S. Sutton and Sanjoy Dasgupta},
 title = {Eligibility traces for off-policy policy evaluation},
 booktitle = {International Conference on Machine Learning (ICML)},
 pages = {759--766},
 year = {2000}
}

@inproceedings{precup2001off-policy,
 author = {Doina Precup and Richard S. Sutton and Sanjoy Dasgupta},
 title = {Off-Policy Temporal-Difference Learning with Function Approximation},
 booktitle = {International Conference on Machine Learning (ICML)},
 pages = {417--424},
 year = {2001}
}

@incollection{peshkin2001,
 author = {Leonid Peshkin and Sayan Mukherjee},
 title = {Bounds on sample size for policy evaluation in {Markov} environments},
 booktitle = {Proc. COLT/EuroCOLT 2001},
 series = {LNAI},
 volume = {2111},
 publisher = {Springer},
 pages = {616--629},
 year = {2001}
}

@inproceedings{uchibe2004,
 author = {Eiji Uchibe and Kenji Doya},
 title = {Competitive-cooperative-concurrent reinforcement learning with importance sampling},
 booktitle = {International Conference on the Simulation of Adaptive Behavior},
 pages = {287--296},
 year = {2004}
}

@article{wawrzynski2009,
 author = {Pawe{\l} Wawrzy{\'n}ski},
 title = {Real-time reinforcement learning by sequential actor-critics and
experience replay},
 journal = {Neural Networks},
 volume = {22},
 pages = {1484--1497},
 year = {2009}
}

@article{hachiya2009,
 author = {Hirotaka Hachiya and Takayuki Akiyama and Masashi Sugiyama and Jan Peters},
 title = {Adaptive importance sampling for value function approximation in off-policy reinforcement learning},
 journal = {Neural Networks},
 volume = {22},
 number = {10},
 pages = {1399--1410},
 year = {2009}
}

@article{hachiya2011,
 author = {Hirotaka Hachiya and Jan Peters and Masashi Sugiyama},
 title = {Reward-weighted regression with sample reuse for direct policy search in reinforcement learning},
 journal = {Neural Networks},
 volume = {23},
 number = {11},
 pages = {2798--2832},
 year = {2011}
}


@inproceedings{daniely2016dnf,
  author    = {Amit Daniely and
               Shai Shalev{-}Shwartz},
  title     = {Complexity Theoretic Limitations on Learning DNF's},
  booktitle = {Conference on Learning Theory ({COLT})},
  pages     = {815--830},
  year      = {2016}
}




@inproceedings{shani2005modelPOMDP,
  author = {Guy Shani and Ronen I. Brafman and Solomon E. Shimony},
  title = {Model-based online learning of {POMDP}s},
  booktitle = {European Conference on Machine Learning (ECML)},
  pages = {353--364}, 
  publisher = {Springer},
  year = {2005}
}

@article{amir2008,
 author = {Eyal Amir and Allen Chang},
 title = {Learning Partially Observable Deterministic Action Models},
 journal = {J. Artif. Intell. Res. (JAIR)},
 volume = {33},
 pages = {349--402},
 year = {2008}
}

@inproceedings{lazaric2010policyIteration,
 author = {Alessandro Lazaric and Mohammad Ghavamzadeh and R\'{e}mi Munos},
 title = {Analysis of Classification-based Policy Iteration Algorithms},
 booktitle = {International Conference on Machine Learning (ICML)},
 year = {2010}
}

@article{fern2006policyIteration,
 author = {Alan Fern and Sungyook Yoon and Robert Givan},
 title = {Approximate policy iteration with a policy language bias: solving relational {Markov} decision processes},
 journal = {J. Artif. Intell. Res. (JAIR)},
 volume = {25},
 pages = {85--118},
 year = {2006}
}


@inproceedings{meuleau1999finiteState,
 author = {Nicolas Meuleau and Kee-Eung Kim and Leslie Pack Kaelbling and Anthony R. Cassandra},
 title = {Solving {POMDPs} by Searching the Space of Finite Policies},
 booktitle = {Uncertainty in Artificial Intelligence (UAI)},
 pages = {417--426},
 year = {1999}
}

@book{koller2009pgm,
 author = {Daphne Koller and Nir Friedman},
 title = {Probabilistic Graphical Models},
 publisher = {MIT Press},
 address = {Cambridge, MA},
 year = {2009}
}

@article{mannila1997sequences,
 author = {Heikki Mannila and Hannu Toivonen and A. Inkeri Verkamo},
 title = {Discovery of frequent episodes in event sequences}, 
 journal = {Data mining and knowledge discovery},
 volume = {1},
 number = {3},
 year = {1997},
 pages = {259--289}
}

@article{mccarthy1987epistemological,
  title={Epistemological problems of artificial intelligence},
  author={McCarthy, John},
  journal={Readings in Artificial Intelligence},
  pages={459},
  year={1987}
}

@book{ghallab2004automated,
  title={Automated planning: theory \& practice},
  author={Ghallab, Malik and Nau, Dana and Traverso, Paolo},
  year={2004},
  publisher={Elsevier}
}

@article{williams2007conflict,
  title={Conflict-directed A* and its role in model-based embedded systems},
  author={Williams, Brian C and Ragno, Robert J},
  journal={Discrete Applied Mathematics},
  volume={155},
  number={12},
  pages={1562--1595},
  year={2007},
  publisher={Elsevier}
}

@article{deKleer1987diagnosing,
  title={Diagnosing multiple faults},
  author={De Kleer, Johan and Williams, Brian C},
  journal={Artificial intelligence},
  volume={32},
  number={1},
  pages={97--130},
  year={1987},
  publisher={Elsevier}
}

@article{deKleer1986assumption,
  title={An assumption-based TMS},
  author={De Kleer, Johan},
  journal={Artificial intelligence},
  volume={28},
  number={2},
  pages={127--162},
  year={1986},
  publisher={Elsevier}
}



@inproceedings{stern2015many,
  title={How many diagnoses do we need?},
  author={Stern, Roni Tzvi and Kalech, Meir and Rogov, Shelly and Feldman, Alexander},
  booktitle={AAAI},
  pages={1618--1624},
  year={2015}
}

@inproceedings{keren2011model,
  title={Model-based diagnosis with multi-label classification},
  author={Keren, Betty and Kalech, Meir and Rokach, Lior},
  booktitle={International workshop on principles of diagnosis ({DX})},
  year={2011}
}

@inproceedings{lipovetzky2012width,
  title={Width and Serialization of Classical Planning Problems.},
  author={Lipovetzky, Nir and Geffner, H{\'e}ctor},
  booktitle={ECAI},
  volume={2012},
  pages={20th},
  year={2012}
}

@article{hoffmann2011analyzing,
  title={Analyzing search topology without running any search: On the connection between causal graphs and h+},
  author={Hoffmann, J{\"o}rg},
  journal={Journal of Artificial Intelligence Research},
  volume={41},
  pages={155--229},
  year={2011}
}

@article{gimenez2012influence,
  title={The influence of k-dependence on the complexity of planning},
  author={Gim{\'e}nez, Omer and Jonsson, Anders},
  journal={Artificial Intelligence},
  volume={177},
  pages={25--45},
  year={2012},
  publisher={Elsevier}
}

@article{katz2008new,
  title={New Islands of Tractability of Cost-Optimal Planning.},
  author={Katz, Michael and Domshlak, Carmel},
  journal={J. Artif. Intell. Res.(JAIR)},
  volume={32},
  pages={203--288},
  year={2008}
}

@inproceedings{ernandes2004likely,
  title={Likely-admissible and sub-symbolic heuristics},
  author={Ernandes, Marco and Gori, Marco},
  booktitle={ECAI},
  volume={16},
  pages={613},
  year={2004},
  organization={Citeseer}
}

@inproceedings{xu2007discriminative,
  title={Discriminative Learning of Beam-Search Heuristics for Planning},
  author={Xu, Yuehua and Fern, Alan and Yoon, Sung Wook},
  booktitle={IJCAI},
  pages={2041--2046},
  year={2007}
}

@article{arfaee2011learning,
  title={Learning heuristic functions for large state spaces},
  author={{Jabbari Arfaee}, Shahab and Zilles, Sandra and Holte, Robert C},
  journal={Artificial Intelligence},
  volume={175},
  number={16},
  pages={2075--2098},
  year={2011}
}

@inproceedings{samadi2008learning,
  title={Learning from Multiple Heuristics},
  author={Samadi, Mehdi and Felner, Ariel and Schaeffer, Jonathan},
  booktitle={AAAI},
  pages={357--362},
  year={2008}
}

@article{fern2011first,
  title={The first learning track of the international planning competition},
  author={Fern, Alan and Khardon, Roni and Tadepalli, Prasad},
  journal={Machine Learning},
  volume={84},
  number={1-2},
  pages={81--107},
  year={2011}
}


@book{adams1995hitchhiker,
  title={The Hitchhiker's Guide to the Galaxy},
  author={Adams, D.},
  isbn={9781417642595},
  url={http://books.google.com/books?id=W-xMPgAACAAJ},
  year={1995},
  publisher={San Val}
}

@article{sharon2013increasing,
  title={The increasing cost tree search for optimal multi-agent pathfinding},
  author={Sharon, Guni and Stern, Roni and Goldenberg, Meir and Felner, Ariel},
  journal={Artificial Intelligence},
  volume={195},
  pages={470--495},
  year={2013},
  publisher={Elsevier}
}

@article{sharon2015conflict,
  title={Conflict-based search for optimal multi-agent pathfinding},
  author={Sharon, Guni and Stern, Roni and Felner, Ariel and Sturtevant, Nathan R},
  journal={Artificial Intelligence},
  volume={219},
  pages={40--66},
  year={2015},
  publisher={Elsevier}
}

@article{felner2004pha,
  title={PHA*: finding the shortest path with A* in an unknown physical environment},
  author={Felner, Ariel and Stern, Roni and Ben-Yair, Asaph and Kraus, Sarit and Netanyahu, Nathan},
  journal={Journal of Artificial Intelligence Research},
  volume={21},
  pages={631--670},
  year={2004}
}

@inproceedings{stern2012exploring,
  title={Exploring the Duality in Conflict-Directed Model-Based Diagnosis.},
  author={Stern, Roni and Kalech, Meir and Feldman, Alexander and Provan, Gregory M},
  booktitle={AAAI},
  volume={12},
  pages={828--834},
  year={2012}
}

@article{goldenberg2014enhanced,
  title={Enhanced Partial Expansion {A*}},
  author={Goldenberg, Meir and Felner, Ariel and Stern, Roni and Sharon, Guni and Sturtevant, Nathan R and Holte, Robert C and Schaeffer, Jonathan},
  journal={J. Artif. Intell. Res.(JAIR)},
  volume={50},
  pages={141--187},
  year={2014}
}

@article{stern2014potential,
  title={Potential-based bounded-cost search and Anytime Non-Parametric A*},
  author={Stern, Roni and Felner, Ariel and van den Berg, Jur and Puzis, Rami and Shah, Rajat and Goldberg, Ken},
  journal={Artificial Intelligence},
  volume={214},
  pages={1--25},
  year={2014},
  publisher={Elsevier}
}

@inproceedings{mirsky2016sequential,
  title={Sequential plan recognition},
  author={Mirsky, Reuth and Gal, Ya'akov Kobi and Stern, Roni and Kalech, Meir},
  booktitle={International Joint Conference on Artificial Intelligence ({IJCAI})},
  pages={401--407},
  year={2016}
}

@article{maliah2016collaborative,
  title={Collaborative privacy preserving multi-agent planning},
  author={Maliah, Shlomi and Shani, Guy and Stern, Roni},
  journal={Autonomous Agents and Multi-Agent Systems},
  pages={1--38},
  year={2016},
  publisher={Springer US}
}

@article{stern2014model,
  title={Model-based diagnosis techniques for Internet delay diagnosis with dynamic routing},
  author={Stern, Roni and Kalech, Meir},
  journal={Applied intelligence},
  volume={41},
  number={1},
  pages={167--183},
  year={2014},
  publisher={Springer US}
}


@inproceedings{stern2014hierarchical,
  title={Hierarchical Diagnosis in Strong Fault Models},
  author={Stern, Roni and Kalech, Meir and Elimelech, Orel},
  booktitle={International Workshop on Principles of Diagnosis ({DX})},
  year={2014}
}

@inproceedings{lazebnik2016solving,
  title={Solving Sequential Diagnosis by Compilation to Boolean Satisfiability},
  author={Ester Lazebnik and Roni Stern and Meir Kalech},
  booktitle={International Workshop on Principles of Diagnosis ({DX})},
  year={2016}
}



@inproceedings{stern2011probably,
  title={Probably approximately correct heuristic search},
  author={Stern, Roni and Felner, Ariel and Holte, Robert},
  booktitle={Symposium on Combinatorial Search ({SoCS}},
  year={2011}
}


@inproceedings{stern2012search,
  title={Search-Aware Conditions for Probably Approximately Correct Heuristic Search.},
  author={Stern, Roni and Felner, Ariel and Holte, Robert C},
  booktitle={Symposium on Combinatorial Search ({SoCS}},
  year={2012}
}


@inproceedings{elmishali2016dataAugmented,
  author    = {Amir Elmishali and
               Roni Stern and
               Meir Kalech},
  title     = {Data-Augmented Software Diagnosis},
  booktitle = {{AAAI} Conference on Artificial Intelligence},
  pages     = {4003--4009},
  year      = {2016}
}

@inproceedings{hasidi2016anticipatory,
  title={Anticipatory Troubleshooting},
  author={Netantel Hasidi, Roni Stern, Meir Kalech, Shulamit Reches},
  booktitle={International Joint Conference on Artificial Intelligence ({IJCAI})},
  pages={3133--3138},
  year={2016}
}

@misc{stern2019aaai,
 author = {Roni Stern and Brendan Juba},
 title = {Safe partial diagnosis from normal observations},
 howpublished = {To appear in AAAI'19},
 year = {2019}
}

@inproceedings{juba2015itcs,
 author = {Brendan Juba},
 title = {Restricted distribution automatizability under {PAC}-Semantics},
 booktitle = {Innovations in Theoretical Computer Science ({ITCS})},
 pages = {93--102},
 year = {2015},
 note = {Preliminary full version available online as \url{http://www.cse.wustl.edu/~bjuba/papers/rdaut.pdf}}
}

@inproceedings{juba2013ijcai,
 author = {Brendan Juba},
 title = {Implicit learning of common sense for reasoning},
 booktitle = {International Joint Conference on Artificial Intelligence ({IJCAI})},
 pages = {939--946},
 year = {2013}
}

@article{juba2016jmlr,
  author = {Brendan Juba},
  title = {Integrated Common Sense Learning and Planning in {POMDPs}},
  journal = {Journal of Machine Learning Research},
  volume = {17},
  number = {96},
  pages = {1--37},
  year = {2016}
 }
 
 @inproceedings{juba2015ndss,
   author = {Brendan Juba and Christopher Musco and Fan Long and Stelios Sidiroglou and Martin Rinard},
   title = {Principled Sampling for Anomaly Detection},
   booktitle = {Network and Distributed System Security ({NDSS})},
   year = {2015},
   note = {\url{http://www.internetsociety.org/doc/principled-sampling-anomaly-detection}}
}

@inproceedings{juba2016aaai,
 author = {Brendan Juba},
 title = {Learning abductive reasoning using random examples},
 booktitle = {{AAAI} Conference on Artificial Intelligence},
 pages = {999--1007},
 year = {2016}
}

@inproceedings{qi2018,
 author = {Di Qi and Josh Arfin and Mengxue Zhang and Tushar Mathew and Robert Pless and Brendan Juba},
 title = {Anomaly Explanation using Meta-Data},
 booktitle = {Winter Conference on Applications of Computer Vision ({WACV})},
 pages = {1916--1924},
 year = {2018}
}

@inproceedings{jlm18,
   author    = {Brendan Juba and
               Zongyi Li and
               Evan Miller},
  Booktitle = {{AAAI} Conference on Artificial Intelligence},
  title     = {Learning Abduction under Partial Observability},
  pages = {1888--1896},
  year      = {2018}
}

@misc{calderon2018,
 author = {Diego Calderon and Brendan Juba and Sirui Li and Zongyi Li and Lisa Ruan},
 title = {Conditional Linear Regression},
 howpublished = {arXiv:1806.02326 [cs.LG]},
 year = {2018}
}

@inproceedings{zhang2017aaai,
 author = {Mengxue Zhang and Tushar Mathew and Brendan Juba},
 title = {An improved algorithm for learning to perform exception-tolerant abduction},
 booktitle = {{AAAI} Conference on Artificial Intelligence},
 pages = {1257--1265},
 year = {2017}
}

@article{bf72,
 author = {J\={a}nis B\={a}rzdi\c{n}\v{s} and R\=usi\c n\v{s} Freivalds},
 title = {On the prediction of general recursive functions},
 journal = {Soviet Math. Dokl.},
 volume = {13},
 pages = {1224--1228},
 year = {1972}
}

@article{littlestone1988learning,
  title={Learning quickly when irrelevant attributes abound: A new linear-threshold algorithm},
  author={Littlestone, Nick},
  journal={Machine learning},
  volume={2},
  number={4},
  pages={285--318},
  year={1988},
  publisher={Springer}
}

@inproceedings{littlestone1989,
author = {Nick Littlestone},
title = {From on-line to batch learning},
booktitle = {Proc. 2nd COLT}, 
pages = {269--284},
year = {1989}
}



@incollection{blum1998online,
  title={On-line algorithms in machine learning},
  author={Blum, Avrim},
  booktitle={Online algorithms},
  pages={306--325},
  year={1998},
  publisher={Springer}
}

@article{angluin1992learning,
  title={Learning conjunctions of Horn clauses},
  author={Angluin, Dana and Frazier, Michael and Pitt, Leonard},
  journal={Machine Learning},
  volume={9},
  number={2-3},
  pages={147--164},
  year={1992},
  publisher={Springer}
}

@article{angluin1987learning,
  title={Learning regular sets from queries and counterexamples},
  author={Angluin, Dana},
  journal={Information and computation},
  volume={75},
  number={2},
  pages={87--106},
  year={1987},
  publisher={Academic Press}
}

@article{angluin1988queries,
  title={Queries and concept learning},
  author={Angluin, Dana},
  journal={Machine learning},
  volume={2},
  number={4},
  pages={319--342},
  year={1988},
  publisher={Springer}
}

@inproceedings{jensen2004fault,
 author = {Rune M. Jensen and Manuela M. Veloso and Randal E. Bryant},
 title = {Fault Tolerant Planning: Toward Probabilistic Uncertainty Models in Symbolic Non-Deterministic Planning},
 booktitle = {Proc. ICAPS-04},
 pages = {335--344},
 year = {2004}
}



@Misc{seipp-et-al-zenodo2017,
  author =       "Jendrik Seipp and Florian Pommerening and
                  Silvan Sievers and Malte Helmert",
  title =        "{Downward} {Lab}",
  publisher =    "Zenodo",
  year =         "2017",
  doi =          "10.5281/zenodo.790461",
  url =          "https://doi.org/10.5281/zenodo.790461",
  howpublished = "\url{https://doi.org/10.5281/zenodo.790461}"
}

@inproceedings{Rintanen2014MadagascarS,
  title={Madagascar: Scalable planning with {SAT}},
  author={Rintanen, Jussi},
  booktitle={8th International Planning Competition (IPC)},
  year={2014}
}

@article{muggleton1994inductive,
  title={Inductive logic programming: Theory and methods},
  author={Muggleton, Stephen and De Raedt, Luc},
  journal={The Journal of Logic Programming},
  volume={19},
  pages={629--679},
  year={1994},
  publisher={Elsevier}
}

@book{deraedt08,
 title = {Logical and Relational Learning},
 author = {Luc {De Raedt}},
 publisher = {Springer},
 year = {2008}
 }


@inproceedings{asai2020learning,
  title={Learning Neural-Symbolic Descriptive Planning Models via Cube-Space Priors: The Voyage Home (to {STRIPS})},
  author={Asai, Masataro and Muise, Christian},
  booktitle={the International Joint Conference on Artificial Intelligence (IJCAI)},
  pages = {2676--2682},
  year={2020}
}


@article{arora2018review,
  title={A review of learning planning action models},
  author={Arora, Ankuj and Fiorino, Humbert and Pellier, Damien and Etivier, Marc and Pesty, Sylvie},
  journal={Knowledge Engineering Review},
  volume={33},
  year={2018}
}


@inproceedings{cresswell2011generalised,
  title={Generalised domain model acquisition from action traces},
  author={Cresswell, Stephen and Gregory, Peter},
  booktitle={International Conference on Automated Planning and Scheduling (ICAPS)},
  pages = {42--49},
  year={2011}
}

@inproceedings{zhuo2013action,
  title={Action-model acquisition from noisy plan traces},
  author={Zhuo, Hankz Hankui and Kambhampati, Subbarao},
  booktitle={International Joint Conference on Artificial Intelligence (IJCAI)},
  pages = {2444--2450},
  year={2013}
}

@article{GoldmanS1995,
  author    = {Sally A. Goldman and
               Robert H. Sloan},
  title     = {Can {PAC} Learning Algorithms Tolerate Random Attribute Noise?},
  journal   = {Algorithmica},
  volume    = {14},
  number    = {1},
  pages     = {70--84},
  year      = {1995}
}

@inproceedings{DecaturG1995,
  author    = {Scott E. Decatur and
               Rosario Gennaro},
  title     = {On Learning from Noisy and Incomplete Examples},
  booktitle = {Eighth Conference on Computational Learning Theory (COLT)},
  pages     = {353--360},
  year      = {1995}
}

@article{Valiant1984,
  author    = {Leslie G. Valiant},
  title     = {A Theory of the Learnable},
  journal   = {Commun. {ACM}},
  volume    = {27},
  number    = {11},
  pages     = {1134--1142},
  year      = {1984}
}

@inproceedings{ShackelfordV1988,
  author    = {George Shackelford and
               Dennis Volper},
  title     = {Learning $k$-{DNF} with Noise in the Attributes},
  booktitle = {First Workshop on Computational Learning Theory (COLT)},
  pages     = {97--103},
  year      = {1988}
}


@inproceedings{li2020lifelong,
  title={Lifelong Multi-Agent Path Finding in Large-Scale Warehouses},
  author={Li, Jiaoyang and Tinka, Andrew and Kiesel, Scott and Durham, Joseph W and Kumar, TK Satish and Koenig, Sven},
  booktitle={International Conference on Autonomous Agents and MultiAgent Systems (AAMAS)},
  pages={1898--1900},
  year={2020}
}

@article{bonet2010conformant,
title = {Conformant plans and beyond: Principles and complexity},
journal = {Artificial Intelligence},
volume = {174},
number = {3},
pages = {245-269},
year = {2010},
author = {Blai Bonet}}

@inproceedings{juba2021safe,
  author    = {Brendan Juba and
               Hai S. Le and
               Roni Stern},
  title     = {Safe Learning of Lifted Action Models},
  booktitle = {International Conference on Principles of
               Knowledge Representation and Reasoning ({KR})},
  pages     = {379--389},
  year      = {2021}
}





@Misc{alkhazraji-et-al-zenodo2020,
  author =       "Yusra Alkhazraji and Matthias Frorath and Markus Gr{\"u}tzner
                  and Malte Helmert and Thomas Liebetraut and Robert Mattm{\"u}ller
                  and Manuela Ortlieb and Jendrik Seipp and Tobias Springenberg and
                  Philip Stahl and Jan W{\"u}lfing",
  title =        "Pyperplan",
  publisher =    "Zenodo",
  year =         "2020",
  doi =          "10.5281/zenodo.3700819",
  url =          "https://doi.org/10.5281/zenodo.3700819",
  howpublished = "\url{https://doi.org/10.5281/zenodo.3700819}"
}

@article{aineto2019learning,
  title={Learning action models with minimal observability},
  author={Aineto, Diego and Celorrio, Sergio Jim{\'e}nez and Onaindia, Eva},
  journal={Artificial Intelligence},
  volume={275},
  pages={104--137},
  year={2019},
  publisher={Elsevier}
}

@article{aineto2022comprehensive,
  title={A comprehensive framework for learning declarative action models},
  author={Aineto, Diego and Jim{\'e}nez, Sergio and Onaindia, Eva},
  journal={Journal of Artificial Intelligence Research},
  volume={74},
  pages={1091--1123},
  year={2022}
}

@inproceedings{verma2021asking,
  title={Asking the right questions: Learning interpretable action models through query answering},
  author={Verma, Pulkit and Marpally, Shashank Rao and Srivastava, Siddharth},
  booktitle={Proceedings of the AAAI Conference on Artificial Intelligence},
  volume={35},
  number={13},
  pages={12024--12033},
  year={2021}
}

@article{refaeilzadeh2009cross,
  title={Cross-validation.},
  author={Refaeilzadeh, Payam and Tang, Lei and Liu, Huan},
  journal={Encyclopedia of database systems},
  volume={5},
  pages={532--538},
  year={2009},
  publisher={Springer}
}



@article{tambe1997towards,
  title={Towards flexible teamwork},
  author={Tambe, Milind},
  journal={Journal of artificial intelligence research},
  volume={7},
  pages={83--124},
  year={1997}
}

@book{lesser2003distributed,
  title={Distributed sensor networks: A multiagent perspective},
  author={Lesser, Victor and Ortiz Jr, Charles L and Tambe, Milind},
  volume={9},
  year={2003},
  publisher={Springer Science \& Business Media}
}


@article{azadeh2019robotized,
  title={Robotized and automated warehouse systems: Review and recent developments},
  author={Azadeh, Kaveh and De Koster, Ren{\'e} and Roy, Debjit},
  journal={Transportation Science},
  volume={53},
  number={4},
  pages={917--945},
  year={2019}
}


@inproceedings{barrett2012analysis,
  title={An analysis framework for ad hoc teamwork tasks},
  author={Barrett, Samuel and Stone, Peter},
  booktitle={International Conference on Autonomous Agents and Multiagent Systems (AAMAS)},
  pages={357--364},
  year={2012}
}

@article{littman2001value,
  title={Value-function reinforcement learning in Markov games},
  author={Littman, Michael L},
  journal={Cognitive systems research},
  volume={2},
  number={1},
  pages={55--66},
  year={2001},
  publisher={Elsevier}
}

@article{bargiacchi2020model,
  title={Model-based multi-agent reinforcement learning with cooperative prioritized sweeping},
  author={Bargiacchi, Eugenio and Verstraeten, Timothy and Roijers, Diederik M and Now{\'e}, Ann},
  journal={arXiv preprint arXiv:2001.07527},
  year={2020}
}

@article{zhang2020td3,
  title={A TD3-based multi-agent deep reinforcement learning method in mixed cooperation-competition environment},
  author={Zhang, Fengjiao and Li, Jie and Li, Zhi},
  journal={Neurocomputing},
  volume={411},
  pages={206--215},
  year={2020},
  publisher={Elsevier}
}


@article{shekhar2020representing,
  title={Representing and planning with interacting actions and privacy},
  author={Shekhar, Shashank and Brafman, Ronen I},
  journal={Artificial Intelligence},
  volume={278},
  pages={103200},
  year={2020}
}

@article{rintanen2014madagascar,
  title={Madagascar: Scalable planning with SAT},
  author={Rintanen, Jussi},
  journal={Proceedings of the 8th International Planning Competition (IPC-2014)},
  volume={21},
  pages={1--5},
  year={2014}
}

@inproceedings{crosby2014single,
  title={A Single-Agent Approach to Multiagent Planning},
  author={Crosby, Matthew and Jonsson, Anders and Rovatsos, Michael},
  booktitle={ECAI},
  pages={237--242},
  year={2014}
}

@article{boutilier2001partial,
  title={Partial-order planning with concurrent interacting actions},
  author={Boutilier, Craig and Brafman, Ronen I},
  journal={Journal of Artificial Intelligence Research},
  volume={14},
  pages={105--136},
  year={2001}
}


@incollection{maliah2014privacy,
  title={Privacy preserving landmark detection},
  author={Maliah, Shlomi and Shani, Guy and Stern, Roni},
  booktitle={ECAI 2014},
  pages={597--602},
  year={2014},
  publisher={IOS Press}
}

@inproceedings{brafman2014distributed,
  title={Distributed heuristic forward search for multi-agent systems},
  author={Brafman, Ronen and Zoran, Uri},
  booktitle={ICAPS DMAP workshop},
  pages={1--6},
  year={2014}
}

@INPROCEEDINGS{1374201,
  author={Howey, R. and Long, D. and Fox, M.},
  booktitle={16th IEEE International Conference on Tools with Artificial Intelligence}, 
  title={VAL: automatic plan validation, continuous effects and mixed initiative planning using PDDL}, 
  year={2004},
  volume={},
  number={},
  pages={294-301},
  doi={10.1109/ICTAI.2004.120}}
  
  
@inproceedings{juba2022learning,
  title={Learning Probably Approximately Complete and Safe Action Models for Stochastic Worlds},
  author={Juba, Brendan and Stern, Roni},
  booktitle = {AAAI},
  pages = {9795--9804},
  year={2022}
}

@article{fox2006modelling,
  title={Modelling mixed discrete-continuous domains for planning},
  author={Fox, Maria and Long, Derek},
  journal={Journal of Artificial Intelligence Research},
  volume={27},
  pages={235--297},
  year={2006}
}

@article{robbins1955,
 ISSN = {00029890, 19300972},
 URL = {http://www.jstor.org/stable/2308012},
 author = {Herbert Robbins},
 journal = {The American Mathematical Monthly},
 number = {1},
 pages = {26--29},
 publisher = {Mathematical Association of America},
 title = {A Remark on Stirling's Formula},
 urldate = {2022-11-17},
 volume = {62},
 year = {1955}
}

@inproceedings{mordoch2023learning,
  title={Learning Safe Numeric Action Models},
  author={Mordoch, Argaman and Juba, Brendan and Stern, Roni},
  booktitle={AAAI Conference on Artificial Intelligence},
  pages={12079--12086},
  year={2023}
}

@inproceedings{mordoch2023safe,
  title={Safe Learning of PDDL Domains with Conditional Effects},
  author={Mordoch, Argaman and Stern, Roni and Scala, Enrico and Juba, Brendan},
booktitle={Reliable Data-Driven Planning and Scheduling (RDDP) workshop in ICAPS},  
  year={2023}
}



@article{komenda2016international,
  title={The international competition of distributed and multiagent planners (CoDMAP)},
  author={Komenda, Anton{\'\i}n and Stolba, Michal and Kovacs, Daniel L},
  journal={AI Magazine},
  volume={37},
  number={3},
  pages={109--115},
  year={2016}
}

@inproceedings{vstolba2016competition,
  title={Competition of distributed and multiagent planners (codmap)},
  author={{\v{S}}tolba, Michal and Komenda, Antonin and Kovacs, Daniel},
  booktitle={AAAI Conference on Artificial Intelligence},
  pages={4343--4345},
  year={2016}
}

@incollection{hofmann2020macro,
  title={Macro operator synthesis for adl domains},
  author={Hofmann, Till and Niemueller, Tim and Lakemeyer, Gerhard},
  booktitle={ECAI 2020},
  pages={761--768},
  year={2020},
  publisher={IOS Press}
}

@article{botea2005macro,
  title={Macro-FF: Improving AI planning with automatically learned macro-operators},
  author={Botea, Adi and Enzenberger, Markus and M{\"u}ller, Martin and Schaeffer, Jonathan},
  journal={Journal of Artificial Intelligence Research},
  volume={24},
  pages={581--621},
  year={2005}
}


@inproceedings{lamanna2021online,
  title={Online Learning of Action Models for PDDL Planning.},
  author={Lamanna, Leonardo and Saetti, Alessandro and Serafini, Luciano and Gerevini, Alfonso and Traverso, Paolo},
  booktitle={IJCAI},
  pages={4112--4118},
  year={2021}
}


@inproceedings{willemsen2021mambpo,
  title={{MAMBPO}: Sample-efficient multi-robot reinforcement learning using learned world models},
  author={Willemsen, Dani{\"e}l and Coppola, Mario and de Croon, Guido CHE},
  booktitle={IEEE/RSJ International Conference on Intelligent Robots and Systems (IROS)},
  pages={5635--5640},
  year={2021}
}


@article{kidambi2020morel,
  title={Morel: Model-based offline reinforcement learning},
  author={Kidambi, Rahul and Rajeswaran, Aravind and Netrapalli, Praneeth and Joachims, Thorsten},
  journal={Advances in neural information processing systems},
  volume={33},
  pages={21810--21823},
  year={2020}
}

@inproceedings{howey2004val,
  title={VAL: Automatic plan validation, continuous effects and mixed initiative planning using PDDL},
  author={Howey, Richard and Long, Derek and Fox, Maria},
  booktitle={16th IEEE International Conference on Tools with Artificial Intelligence},
  pages={294--301},
  year={2004},
  organization={IEEE}
}


@book{weiss1999multiagent,
  title={Multiagent systems: a modern approach to distributed artificial intelligence},
  author={Weiss, G},
  year={1999},
  publisher={MIT press}
}


@article{canese2021multi,
  title={Multi-agent reinforcement learning: A review of challenges and applications},
  author={Canese, Lorenzo and Cardarilli, Gian Carlo and Di Nunzio, Luca and Fazzolari, Rocco and Giardino, Daniele and Re, Marco and Span{\`o}, Sergio},
  journal={Applied Sciences},
  volume={11},
  number={11},
  pages={4948},
  year={2021},
  publisher={MDPI}
}


@article{yu2022surprising,
  title={The surprising effectiveness of ppo in cooperative multi-agent games},
  author={Yu, Chao and Velu, Akash and Vinitsky, Eugene and Gao, Jiaxuan and Wang, Yu and Bayen, Alexandre and Wu, Yi},
  journal={Advances in Neural Information Processing Systems},
  volume={35},
  pages={24611--24624},
  year={2022}
}

@article{vinyals2019grandmaster,
  title={Grandmaster level in StarCraft II using multi-agent reinforcement learning},
  author={Vinyals, Oriol and Babuschkin, Igor and Czarnecki, Wojciech M and Mathieu, Micha{\"e}l and Dudzik, Andrew and Chung, Junyoung and Choi, David H and Powell, Richard and Ewalds, Timo and Georgiev, Petko and others},
  journal={Nature},
  volume={575},
  number={7782},
  pages={350--354},
  year={2019},
  publisher={Nature Publishing Group UK London}
}

@inproceedings{nguyen2019review,
  title={Review of deep reinforcement learning for robot manipulation},
  author={Nguyen, Hai and La, Hung},
  booktitle={2019 Third IEEE international conference on robotic computing (IRC)},
  pages={590--595},
  year={2019},
  organization={IEEE}
}

@article{jonsson2019deep,
  title={Deep reinforcement learning in medicine},
  author={Jonsson, Anders},
  journal={Kidney diseases},
  volume={5},
  number={1},
  pages={18--22},
  year={2019},
  publisher={S. Karger AG Basel, Switzerland}
}

@article{kaiser2019model,
  title={Model-based reinforcement learning for atari},
  author={Kaiser, Lukasz and Babaeizadeh, Mohammad and Milos, Piotr and Osinski, Blazej and Campbell, Roy H and Czechowski, Konrad and Erhan, Dumitru and Finn, Chelsea and Kozakowski, Piotr and Levine, Sergey and others},
  journal={arXiv preprint arXiv:1903.00374},
  year={2019}
}


@inproceedings{lample2017playing,
  title={Playing FPS games with deep reinforcement learning},
  author={Lample, Guillaume and Chaplot, Devendra Singh},
  booktitle={Proceedings of the AAAI conference on artificial intelligence},
  volume={31},
  number={1},
  year={2017}
}


@article{ghory2004reinforcement,
  title={Reinforcement learning in board games},
  author={Ghory, Imran},
  journal={Department of Computer Science, University of Bristol, Tech. Rep},
  volume={105},
  year={2004}
}


@inproceedings{tan1993multi,
  title={Multi-agent reinforcement learning: Independent vs. cooperative agents},
  author={Tan, Ming},
  booktitle={Proceedings of the tenth international conference on machine learning},
  pages={330--337},
  year={1993}
}


@article{watkins1992q,
  title={Q-learning},
  author={Watkins, Christopher JCH and Dayan, Peter},
  journal={Machine learning},
  volume={8},
  pages={279--292},
  year={1992},
  publisher={Springer}
}

@article{castaneda2016deep,
  title={Deep reinforcement learning variants of multi-agent learning algorithms},
  author={Castaneda, Alvaro Ovalle},
  journal={Edinburgh: School of Informatics, University of Edinburgh},
  year={2016}
}

@article{schulman2017proximal,
  title={Proximal policy optimization algorithms},
  author={Schulman, John and Wolski, Filip and Dhariwal, Prafulla and Radford, Alec and Klimov, Oleg},
  journal={arXiv preprint arXiv:1707.06347},
  year={2017}
}

@inproceedings{fabre2010cost,
  title={Cost-optimal factored planning: Promises and pitfalls},
  author={Fabre, Eric and Jezequel, Lo{\"\i}g and Haslum, Patrik and Thi{\'e}baux, Sylvie},
  booktitle={Proceedings of the International Conference on Automated Planning and Scheduling},
  volume={20},
  pages={65--72},
  year={2010}
}

@inproceedings{jezequel2012distributed,
  title={A\#: a distributed version of A* for factored planning},
  author={Jezequel, Lo{\"\i}g and Fabre, Eric},
  booktitle={2012 IEEE 51st IEEE Conference on Decision and Control (CDC)},
  pages={7377--7382},
  year={2012},
  organization={IEEE}
}

@inproceedings{crosby2013automated,
  title={Automated agent decomposition for classical planning},
  author={Crosby, Matthew and Rovatsos, Michael and Petrick, Ronald},
  booktitle={Proceedings of the International Conference on Automated Planning and Scheduling},
  volume={23},
  pages={46--54},
  year={2013}
}

@inproceedings{nissim2012multi,
  title={Multi-agent A* for parallel and distributed systems.},
  author={Nissim, Raz and Brafman, Ronen I},
  booktitle={AAMAS},
  pages={1265--1266},
  year={2012}
}


@article{torreno2014fmap,
  title={FMAP: Distributed cooperative multi-agent planning},
  author={Torreno, Alejandro and Onaindia, Eva and Sapena, Oscar},
  journal={Applied Intelligence},
  volume={41},
  pages={606--626},
  year={2014},
  publisher={Springer}
}

@article{torreno2017cooperative,
  title={Cooperative multi-agent planning: A survey},
  author={Torreno, Alejandro and Onaindia, Eva and Komenda, Anton{\'\i}n and {\v{S}}tolba, Michal},
  journal={ACM Computing Surveys (CSUR)},
  volume={50},
  number={6},
  pages={1--32},
  year={2017},
  publisher={ACM New York, NY, USA}
}

@article{fivser2015maplan,
  title={MAPlan},
  author={Fi{\v{s}}er, Daniel and {\v{S}}tolba, Michal and Komenda, Anton{\'\i}n},
  journal={Competition of Distributed and Multi-Agent Planners (CoDMAP-15).(agents. fel. cvut. cz/codmap/results/CoDMAP15-proceedings. pdf.)},
  year={2015}
}


@inproceedings{Lamanna24,
  author       = {Leonardo Lamanna and
                  Luciano Serafini},
  title        = {Action Model Learning from Noisy Traces: a Probabilistic Approach},
  booktitle    = {{ICAPS}},
  pages        = {342--350},
  publisher    = {{AAAI} Press},
  year         = {2024}
}

@inproceedings{xi2024neuro,
  title={Neuro-Symbolic Learning of Lifted Action Models from Visual Traces},
  author={Xi, Kai and Gould, Stephen and Thi{\'e}baux, Sylvie},
  booktitle={Proceedings of the International Conference on Automated Planning and Scheduling},
  volume={34},
  pages={653--662},
  year={2024}
}

@inproceedings{asai2018classical,
  title={Classical planning in deep latent space: Bridging the subsymbolic-symbolic boundary},
  author={Asai, Masataro and Fukunaga, Alex},
  booktitle={Proceedings of the aaai conference on artificial intelligence},
  volume={32},
  pages={6094--6101},
  number={1},
  year={2018}
}


@inproceedings{le2024learning,
  title={Learning Safe Action Models with Partial Observability},
  author={Le, Hai S and Juba, Brendan and Stern, Roni},
  booktitle={AAAI Conference on Artificial Intelligence},
  volume={38},
  number={18},
  pages={20159--20167},
  year={2024}
}


@inproceedings{mordoch2024safe,
  title={Safe learning of pddl domains with conditional effects},
  author={Mordoch, Argaman and Scala, Enrico and Stern, Roni and Juba, Brendan},
  booktitle={Proceedings of the International Conference on Automated Planning and Scheduling},
  volume={34},
  pages={387--395},
  year={2024}
}


@inproceedings{zhuo2011learning,
  title={Learning action models for multi-agent planning},
  author={Zhuo, Hankz Hankui and Mu{\~n}oz-Avila, Hector and Yang, Qiang},
  booktitle={International Conference on Autonomous Agents and Multiagent Systems},
  pages={217--224},
  year={2011}
}

@Misc{seipp-et-al-zenodo2022,
  author =       "Jendrik Seipp and {\'A}lvaro Torralba and J{\"o}rg Hoffmann",
  title =        "{PDDL} Generators",
  publisher =    "Zenodo",
  year =         "2022",
  howpublished = "\url{https://doi.org/10.5281/zenodo.6382173}"
}

@inproceedings{clement1999top,
  title={Top-down search for coordinating the hierarchical plans of multiple agents},
  author={Clement, Bradley J and Durfee, Edmund H},
  booktitle={Proceedings of the third annual conference on Autonomous Agents},
  pages={252--259},
  year={1999}
}


@inproceedings{borrajo2013multi,
  title={Multi-agent planning by plan reuse},
  author={Borrajo, Daniel},
  booktitle={Proceedings of the 2013 international conference on Autonomous agents and multi-agent systems},
  pages={1141--1142},
  year={2013}
}


@article{borrajo2015mapr,
  title={Mapr and cmap},
  author={Borrajo, Daniel and Fernandez, Susana},
  journal={Proceedings of the Competition of Distributed and Multi-Agent Planners (CoDMAP-15)},
  pages={1--3},
  year={2015}
}

@article{richter2010lama,
  title={The LAMA planner: Guiding cost-based anytime planning with landmarks},
  author={Richter, Silvia and Westphal, Matthias},
  journal={Journal of Artificial Intelligence Research},
  volume={39},
  pages={127--177},
  year={2010}
}


@article{tovzivcka2016privacy,
  title={Privacy-concerned multiagent planning},
  author={To{\v{z}}i{\v{c}}ka, Jan and Jakub{\r{u}}v, Jan and Komenda, Anton{\'\i}n and P{\v{e}}chou{\v{c}}ek, Michal},
  journal={Knowledge and Information Systems},
  volume={48},
  pages={581--618},
  year={2016}
}



@article{aineto2024action,
  title={Action Model Learning with Guarantees},
  author={Aineto, Diego and Scala, Enrico},
  journal={arXiv preprint arXiv:2404.09631},
  year={2024}
}


@inproceedings{maliah2016stronger,
  title={Stronger privacy preserving projections for multi-agent planning},
  author={Maliah, Shlomi and Shani, Guy and Stern, Roni},
  booktitle={Proceedings of the International Conference on Automated Planning and Scheduling},
  volume={26},
  pages={221--229},
  year={2016}
}

@article{brafman2015privacy,
  title={A privacy preserving algorithm for multi-agent planning and search},
  author={Brafman, Ronen I},
  journal={Distributed and Multi-Agent Planning (DMAP-15)},
  pages={1},
  year={2015}
}

@inproceedings{tovzivcka2017limits,
  title={The limits of strong privacy preserving multi-agent planning},
  author={To{\v{z}}i{\v{c}}ka, Jan and {\v{S}}tolba, Michal and Komenda, Anton{\'\i}n},
  booktitle={Proceedings of the International Conference on Automated Planning and Scheduling},
  volume={27},
  pages={297--305},
  year={2017}
}





@book{schutze2008introduction,
  title={Introduction to information retrieval},
  author={Sch{\"u}tze, Hinrich and Manning, Christopher D and Raghavan, Prabhakar},
  volume={39},
  year={2008},
  publisher={Cambridge University Press Cambridge}
}

@inproceedings{stern2017efficient,
  title={Efficient, Safe, and Probably Approximately Complete Learning of Action Models},
  author={Roni Stern and Brendan Juba},
booktitle={the International Joint Conference on Artificial Intelligence (IJCAI)},
 pages = {4405--4411},
  year={2017}
}
